<?xml version="1.0" encoding="UTF-8"?><record xmlns="http://www.loc.gov/MARC21/slim" xmlns:cinclude="http://apache.org/cocoon/include/1.0" xmlns:zs="http://www.loc.gov/zing/srw/">
  <leader>00692nz  a2200157n  4500</leader>
  <controlfield tag="001">n  89644431 </controlfield>
  <controlfield tag="003">DLC</controlfield>
  <controlfield tag="005">19890815112025.2</controlfield>
  <controlfield tag="008">890808n| acannaab|          |a ana ||| c</controlfield>
  <datafield tag="010" ind1=" " ind2=" ">
    <subfield code="a">n  89644431 </subfield>
  </datafield>
  <datafield tag="040" ind1=" " ind2=" ">
    <subfield code="a">TxU</subfield>
    <subfield code="c">TxU</subfield>
  </datafield>
  <datafield tag="110" ind1="2" ind2="0">
    <subfield code="a">Fundación Acta, Fondo para la Salud Mental</subfield>
  </datafield>
  <datafield tag="410" ind1="2" ind2="0">
    <subfield code="a">Fundación Acta</subfield>
  </datafield>
  <datafield tag="410" ind1="2" ind2="0">
    <subfield code="a">Fondo para la Salud Mental</subfield>
  </datafield>
  <datafield tag="510" ind1="2" ind2="0">
    <subfield code="w">a</subfield>
    <subfield code="a">Acta, Fondo para la Salud Mental</subfield>
  </datafield>
  <datafield tag="670" ind1=" " ind2=" ">
    <subfield code="a">Acta psiquiátrica y psicológica de América Latina, marzo de 1968:</subfield>
    <subfield code="b">t.p. (Acta, Fondo para la Salud Mental); enero-marzo de 1976: prelim. p. 1 (Fundación ACTA, Fondo para la Salud Mental); marzo 1983: t.p. (Fundación Acta) p. 2 (Fundación ACTA, Fondo para la Salud Mental)</subfield>
  </datafield>
</record>